

@article {MyFitnessPal,
	author = {Ashley Zlatopolsky},
	title = {MyFitnessPal Review: The Best Fitness & Nutrition App?},
	pages = {1},
	year = {2024},
	publisher = {SI Showcase - Sports Illustrated},

}
@article {Mealime,
	author = {Joel Runyon},
	title = {Mealime Review},
	pages = {1-2},
	year = {2024},
	publisher = {Ultimate Meal Plans.},

}

@article{MyFitnessPal,
    author      = {Ashley Zlatopolsky},
    title       = {MyFitnessPal Review: The Best Fitness \& Nutrition App?},
    journal     = {SI Showcase - Sports Illustrated},
    year        = {2024},
    pages       = {1},
}

@article{Mealime,
    author      = {Joel Runyon},
    title       = {Mealime Review},
    journal     = {Ultimate Meal Plans},
    year        = {2024},
    pages       = {1-2},
}

@misc{androiddev,
    author      = {Google},
    title       = {Android Developers: Quality},
    howpublished= {\url{https://developer.android.com/quality}},
    note        = {Accessed 2024-02-21},
}

@misc{datagrip,
    author       = {{JetBrains}},
    title        = {{DataGrip Getting Started}},
    howpublished = {\url{https://www.jetbrains.com/help/datagrip/getting-started.html}},
    note         = {Accessed on February 21, 2024},
}

@misc{sqliteorg,
    title = {SQLite},
    howpublished = {\url{https://www.sqlite.org/}},
    note = {Accessed on February 21, 2024},
}


